


@misc{IPCC,
Title={IPCC, 2018: Global warming of 1.5°C. An IPCC Special Report on the impacts of global warming of 1.5°C above pre-industrial levels and related global greenhouse gas emission pathways, in the context of strengthening the global response to the threat of climate change, sustainable development, and efforts to eradicate poverty [V. Masson-Delmotte, P. Zhai, H. O. Pörtner, D. Roberts, J. Skea, P.R. Shukla, A. Pirani, W. Moufouma-Okia, C. Péan, R. Pidcock, S. Connors, J. B. R. Matthews, Y. Chen, X. Zhou, M. I. Gomis, E. Lonnoy, T. Maycock, M. Tignor, T. Waterfield (eds.)]. In Press.},
author = {IPCC}
}

@misc{Policy,
Title={IPCC, 2018: Summary for Policymakers. In: Global warming of 1.5°C. An IPCC Special Report on the impacts of global warming of 1.5°C above pre-industrial levels and related global greenhouse gas emission pathways, in the context of strengthening the global response to the threat of climate change, sustainable development, and efforts to eradicate poverty [V. Masson-Delmotte, P. Zhai, H. O. Pörtner, D. Roberts, J. Skea, P.R. Shukla, A. Pirani, W. Moufouma-Okia, C. Péan, R. Pidcock, S. Connors, J. B. R. Matthews, Y. Chen, X. Zhou, M. I. Gomis, E. Lonnoy, T. Maycock, M. Tignor, T. Waterfield (eds.)]. World Meteorological Organization, Geneva, Switzerland, 32 pp.},
author = {IPCC}
}


@misc{natgeo,
title={Climate change impacts worse than expected, global report warns},
author = {Leahy Stephen},
year = {2018},
howpublished={URL: {https://www.nationalgeographic.com/environment/2018/10/ipcc-report-climate-change-impacts-forests-emissions/}},
note = {Accedido 23-Enero-2019}
}

@misc{Pandas,
title = {Pandas: powerful Python data analysis toolkit},
author = {open source, BSD-licensed},
howpublished = {URL: {https://pandas.pydata.org/}},
note = {Accedido 30-enero-2019}
}

@misc{matplotlib,
author = {John Hunter open source},
title = {matplotlib},
howpublished = {URL: {https://matplotlib.org/}},
note = {accedido 31-enero-2019}
}


@misc{wri,
title = {8 Things you need to know about the IPCC 1.5°C Report},
author = {Levin Kevin},
year = {2018},
howpublished = {URL: {https://www.wri.org/blog/2018/10/8-things-you-need-know-about-ipcc-15-c-report}},
note = {Accedido 23-Enero-2019}
}


@article{Linhart2014,
author = {Jean Marie Linhart},
title = {Teaching Writing and Communication in a Mathematical Modeling Course},
journal = {PRIMUS},
volume = {24},
number = {7},
pages = {594-607},
year = {2014}
}


@book{higham1998handbook,
  Title={Handbook of writing for the mathematical sciences},
  author={Higham, N.J.},
  year={1998},
  publisher={Society for Industrial Mathematics}
}
@misc{vihart,
  Title={Pi is (still) wrong},
  author={Hart, V. I.},
  year={2011},
  publisher={YouTube},
url = {http://vihart.com/blog/pi-is-still-wrong/}
}

@misc{taumanifesto,
Title={The {T}au {M}anifesto},
author={Michael Hartl},
year={2010},
url = {http://tauday.com/}
}

@misc{chaoswiki,
Title={Chaos {T}heory},
author={Wikipedia},
year={2012},
url = {http://en.wikipedia.org/Chaos_theory}
}
@misc{fractalwiki,
Title={Fractal},
author={Wikipedia},
year={2012},
url = {http://en.wikipedia.org/Fractal}
}

@article{Linhart2008,
Author="J. M. Linhart",
Title="Algorithm 885: Computing the logarithm of the normal distribution.",
Journal="ACM Transactions on Mathematical Software",
Pages="Article 20",
Volume=35,
Year=2008
}
